@online{clericePonteIneptiqueCourspythonCours2018,
  title = {{{PonteIneptique}}/Cours-Python: {{Cours}} de Python Enseigné à l'{{École}} Nationale Des {{Chartes}}},
  author = {Clérice, Thibault},
  date = {2018},
  url = {https://github.com/PonteIneptique/cours-python},
  organization = {{github.com}}
}

@inproceedings{courtinOmekaCommeOutil2020,
  title = {Omeka S comme outil d'exploitation et de médiation des données de la recherche : le cas des productions de l'Institut national d'histoire de l’art},
  author = {Courtin, Antoine and Nurra, Federico},
  date = {2020-10-14},
  location = {{Nancy}},
  eventtitle = {Journées Omeka 2020 : : Projets scientifiques, culturels et/ou documentaires avec Omeka}
}

@online{omekaOmekaDeveloperDocumentation,
  title = {Omeka {{S Developer Documentation}}},
  author = {Omeka},
  url = {https://omeka.org/s/docs/developer/}
}

@article{popovicUseOmekaSemantic2020,
  title = {The Use of the {{Omeka Semantic}} Platform for the Development of the {{University}} of {{Belgrade}}, {{Faculty}} of {{Mining}} and {{Geology}} Digital {{Repository}}},
  author = {Popovic, Petar and ˇSkoric, Mihailo and Rujevic, Biljana},
  date = {2020-12},
  journaltitle = {Infotheca},
  volume = {20},
  number = {1-2},
  pages = {136--148},
  doi = {10.18485/infotheca.2020.20.1_2.9}
}

@online{ratusznikAhpnilsCoursserverlinux2023,
  title = {Ahpnils/Cours-Server-Linux},
  author = {Ratusznik, Nils},
  date = {2021-12},
  url = {https://github.com/ahpnils/cours-server-linux}
}
