@thesis{arberetCaracterisationMoleculaireColorant2023,
  type = {These de doctorat},
  title = {Caractérisation Moléculaire Du Colorant Traditionnel Mésoaméricain Extrait de La Plante {{Justicia}} Spicigera},
  author = {Arberet, Lucie},
  editora = {Héron, Sylvie and Andraud, Christine and Michelin, Anne and Nowik, Witold},
  editoratype = {collaborator},
  date = {2023-03-15},
  institution = {{université Paris-Saclay}},
  url = {https://www.theses.fr/2023UPASF021}
}

@online{becherelTechnologiesPointePour2022,
  title = {Des technologies de pointe pour analyser un manuscrit du XIe siècle : les sciences au service du patrimoine},
  shorttitle = {Des technologies de pointe pour analyser un manuscrit du XIe siècle},
  author = {Bécherel, Sophie},
  date = {2022-03},
  url = {https://www.radiofrance.fr/franceinter/des-technologies-de-pointe-pour-analyser-un-manuscrit-du-xie-siecle-les-sciences-au-service-du-patrimoine-8773808},
  organization = {{France Inter}}
}

@article{clarkeAnalysisManuscriptPigments2002,
  title = {The Analysis of Manuscript Pigments. {{Why}}, What and How ?},
  author = {Clarke, Mark},
  date = {2002},
  journaltitle = {Gazette du livre médiéval},
  number = {40},
  pages = {36--44},
  publisher = {{Gazette du livre médiéval}},
  doi = {10.3406/galim.2002.1555}
}

@article{cosentinoFORSSpectralDatabase2014,
  title = {{{FORS Spectral Database}} of {{Historical Pigments}} in {{Different Binders}}},
  author = {Cosentino, Antonio and Cultural Heritage Science Open Source - CHSOS},
  date = {2014-09},
  journaltitle = {E-conservation Journal},
  pages = {52--65},
  doi = {10.18236/econs2.201410},
  issue = {n°2}
}

@article{coupryScienceAutreChimie2006,
  title = {D’une science à l’autre : Chimie et manuscrits médiévaux. Étapes d’une évolution},
  shorttitle = {D’une science à l’autre},
  author = {Coupry, Claude},
  date = {2006-08-15},
  journaltitle = {Bulletin du centre d’études médiévales d’Auxerre | BUCEMA},
  number = {10},
  publisher = {{Centre d’études médiévales Saint-Germain d’Auxerre}},
  url = {https://journals.openedition.org/cem/462},
  issue = {10}
}

@article{denoelIlluminatingCarolingianEra2018,
  title = {Illuminating the {{Carolingian}} Era: New Discoveries as a Result of Scientific Analyses},
  shorttitle = {Illuminating the {{Carolingian}} Era},
  author = {Denoël, Charlotte and Roger Puyo, Patricia and Brunet, Anne-Marie and Siloe, Nathalie Poulain},
  date = {2018-05-10},
  journaltitle = {Heritage Science},
  shortjournal = {Heritage Science},
  volume = {6},
  number = {1},
  doi = {10.1186/s40494-018-0194-1}
}

@thesis{evenoEtudeManuscritsSaintAmand2008,
  title = {Étude de manuscrits de Saint-Amand du IXe siècle et du XIIe siècle par PIXE, spectrophotocolorimétrie et diffraction de rayons X :  identification des matérieux des enluminures et des encres},
  shorttitle = {Étude de manuscrits de Saint-Amand du IXe siècle et du XIIe siècle par PIXE, spectrophotocolorimétrie et diffraction de rayons X},
  author = {Éveno, Myriam},
  date = {2008},
  institution = {{BnF, laboratoire du service de restauration}}
}

@inproceedings{festaDatabaseHistoricalPigments2020,
  title = {A Database for Historical Pigments through Handheld Instrumentation},
  author = {Festa, Giulia and Scatigno, Claudia and Saladino, Maria Luisa and Armetta, Francesco and Ciaramitaro, Veronica and Nardo, Mollica Viviana and Ponterio, Rosina Celeste},
  date = {2020-10-24},
  pages = {150--154},
  location = {{Trente, Italie}},
  eventtitle = {{{IMEKO TC-4 International Conference}} on {{Metrology}} for {{Archaeology}} and {{Cultural Heritage}}}
}

@incollection{fuchsUtilisationLivreModeles2016,
  title = {Utilisation d’un livre de modèles pour la reconstitution de la peinture de manuscrits : Aspects historiques et physico-chimiques},
  shorttitle = {Utilisation d’un livre de modèles pour la reconstitution de la peinture de manuscrits},
  booktitle = {Pigments et colorants de l’Antiquité et du Moyen Âge : Teinture, peinture, enluminure, études historiques et physico-chimiques},
  author = {Fuchs, Robert and Oltrogge, Doris},
  editor = {Institut de recherche et d'histoire des textes},
  date = {2016-06-16},
  series = {Colloques Internationaux du CNRS},
  pages = {309--323},
  publisher = {{CNRS Éditions}},
  location = {{Paris}},
  url = {http://books.openedition.org/editionscnrs/8189}
}

@article{menuRechercheAttributionOeuvres2018,
  title = {La recherche de l’attribution des œuvres d’art par une analyse intégrale, pluridisciplinaire et multi-échelle},
  author = {Menu, Michel},
  date = {2018},
  journaltitle = {Raison présente},
  shortjournal = {Raison présente},
  volume = {208},
  number = {4},
  pages = {19--28},
  url = {https://www.cairn.info/revue-raison-presente-2018-4-page-19.htm}
}

@online{mirabaudDatationBlancPlomb2020,
  type = {Billet},
  title = {Datation du blanc de plomb : possibilités, limites et application aux peintures en Afrique},
  shorttitle = {Datation du blanc de plomb},
  author = {Mirabaud, Sigrid},
  date = {2020-12-14},
  url = {https://afriques.hypotheses.org/1134},
  organization = {{Carnet d’Afriques, revue d’histoire}}
}

@article{palamaraBuildingCathodoluminescenceCL2021,
  title = {Towards Building a {{Cathodoluminescence}} ({{CL}}) Database for Pigments: Characterization of White Pigments},
  author = {Palamara, E. and Das, P. P. and Nicolopoulos, S. and Tormo Cifuentes, L. and Kouloumpi, E. and Terlixi, A. and Zacharias, N.},
  date = {2021},
  journaltitle = {Heritage Science},
  doi = {10.1186/s40494-021-00575-4}
}

@book{patriciaInterestMultidisciplinaryAnalysis2009,
  title = {Interest of Multidisciplinary Analysis in the Study of Inks and Decorations of Medieval Manuscripts. Contribution of on Site Spectral Measurements Carried out on Two Culturally and Geographically Different Representative Groups},
  author = {Patricia, Roger and Bosc, A. and Deroche, F. and Vezin, Jean and Barrandon, Jean-Noël},
  date = {2009-01-01}
}

@online{puglieseCodexBorbonicusDialogue2018,
  type = {Billet},
  title = {Codex Borbonicus: Dialogue entre physiciens et historiens autour d’un trésor de Mésoamérique},
  shorttitle = {Codex Borbonicus},
  author = {Pugliese, Fiona},
  date = {2018-02-26},
  url = {https://ceiiba.hypotheses.org/271},
  organization = {{CEIIBA}}
}

@article{reuProposAnalyseChimique1999,
  title = {À propos de l'analyse chimique des pigments utilisés dans quelques manuscrits enluminés},
  author = {Reu, Martine De and Hooydonk, G. Van and Vandenabeele, P. and Moens, Luc and Bohlen, A. Von and Klockenkämper, R.},
  date = {1999},
  journaltitle = {Scriptorium},
  publisher = {{Scriptorium}},
  doi = {10.3406/scrip.1999.1893}
}

@book{theconservationunitofthemuseumsandgalleriescommissionScienceConservatorsVolume1992,
  title = {Science for Conservators, {{Volume}} 1 : {{An}} Introduction to Materials},
  shorttitle = {Science for Conservators,  {{Volume}} 1},
  author = {The conservation unit of the museums {and} galleries commission},
  date = {1992},
  series = {Conservation Science Teaching Series},
  publisher = {{The Conservation unit of the museums and galleries commission Routledge}}
}
