@book{bartholeynsImagesDansOccident2015,
  title = {Les Images dans l'Occident médiéval},
  author = {Bartholeyns, Gil},
  date = {2015},
  publisher = {{Brepols}},
  url = {https://www.academia.edu/12749343/Images_et_culture_mat%C3%A9rielle_in_Les_Images_dans_lOccident_m%C3%A9di%C3%A9val_Brepols_2015_p_397_408},
  pagetotal = {p. 397-408.}
}

@article{bosc-tiesseArcheologieIconesEthiopiennes2016,
  title = {Une archéologie des icônes éthiopiennes},
  author = {Bosc-Tiessé, Claire and Mirabaud, Sigrid},
  date = {2016-08-20},
  journaltitle = {Images Re-vues. Histoire, anthropologie et théorie de l'art},
  number = {13},
  url = {https://journals.openedition.org/imagesrevues/3927#quotation}
}

@mvbook{curiePeintureDessinVocabulaire2009,
  title = {Peinture \& Dessin: Vocabulaire Typologique et Technique},
  author = {Curie, Pierre and Bergeon-Langle, Ségolène},
  date = {2009},
  series = {Éditions Du Patrimoine},
  publisher = {{Centre des Monuments Nationaux}},
  location = {{Paris}}
}

@online{denoelNouveauFacsimileNouvelle2022,
  type = {Billet},
  title = {Un nouveau fac-similé et une nouvelle étude du Beatus de Saint-Sever aux éditions Citadelles-Mazenod et BnF},
  author = {Denoël, Charlotte},
  date = {2022-11-28},
  url = {https://manuscripta.hypotheses.org/6927},
  organization = {{MANUSCRIPTA : Manuscrits médiévaux conservés à la BnF}}
}

@book{francastelFigureLieuOrdre1967,
  title = {La figure et le lieu :  l'ordre visuel du Quattrocento},
  shorttitle = {La figure et le lieu},
  author = {Francastel, Pierre},
  date = {1967},
  series = {Bibliothèque des sciences humaines},
  publisher = {{Gallimard}},
  location = {{Paris}}
}

@book{grigoriuMaterialiteImmaterialiteDans2012,
  title = {Matérialité et Immatérialité Dans l'{{Église}} Au {{Moyen Âge}}},
  author = {Grigoriu, Brindusa and Daussy, St Diane},
  date = {2012},
  publisher = {{Editions de l'Université de Bucarest}},
  location = {{Bucarest, Roumanie}},
  url = {https://www.academia.edu/31977330/Mat%C3%A9rialit%C3%A9_et_immat%C3%A9rialit%C3%A9_dans_l%C3%89glise_au_Moyen_%C3%82g_Ed_univ_Bucarest_2012}
}

@article{guichardPalettesTableauxLaboratoires2019,
  title = {Palettes et tableaux : des laboratoires de la couleur ?},
  author = {Guichard, Charlotte},
  date = {2019},
  journaltitle = {Dix-huitième siècle},
  volume = {1},
  number = {51},
  pages = {187--204},
  doi = {10.3917/dhs.051.0187}
}

@thesis{pachamiranArtLivreSyriaque2021,
  title = {L'art du livre syriaque. Liturgie, image et poésie, XIe-XIIIe siècle},
  author = {Pacha Miran, François},
  date = {2021},
  institution = {{Ecole pratique des Hautes études}},
  location = {{Paris, France}},
  url = {https://www.theses.fr/2021UPSLP071}
}
