@mvbook{benaichouBasesDonneesSystemes2017,
  title = {Bases de données et systèmes d'information :  modèle relationnel, SQL, optimisation des requêtes, transactions, modélisation des données},
  shorttitle = {Bases de données et systèmes d'information},
  author = {Benaïchou, Saïd},
  date = {2017},
  series = {Références sciences},
  publisher = {{Ellipses}},
  location = {{Paris}}
}

@mvbook{bruchezBasesDonneesNoSQL2021,
  title = {Les bases de données NoSQL :  comprendre et mettre en oeuvre},
  shorttitle = {Les bases de données NoSQL},
  author = {Bruchez, Rudi},
  date = {2021},
  edition = {3e éd},
  publisher = {{Éditions Eyrolles}},
  location = {{Paris}}
}

@mvbook{hainautBasesDonneesConcepts2022,
  title = {Bases de données :  concepts, utilisation et développement},
  shorttitle = {Bases de données},
  author = {Hainaut, Jean-Luc},
  date = {2022},
  series = {Info sup},
  edition = {5e éd},
  publisher = {{Dunod}},
  location = {{Malakoff}}
}

@mvbook{soutouModelisationBasesDonnees2022,
  title = {Modélisation des bases de données},
  author = {Soutou, Christian},
  editora = {Brouard, Frédéric and Lenquette, Didier and Navarro, Laurent},
  editoratype = {collaborator},
  date = {2022},
  edition = {5e éd},
  publisher = {{Éditions Eyrolles}},
  location = {{Paris}}
}
