@article{balasseServiceExpertiseArcheometrie2021,
  title = {Service, expertise et archéométrie : état d’une réflexion collégiale},
  shorttitle = {Service, expertise et archéométrie},
  author = {Balasse, Marie and Bellot-Gurlet, Ludovic and Dillmann, Philippe and Geigl, Eva-Maria and Jacob, Jérémy and Lebon, Matthieu and Le Hô, Anne-Solenn and Lefèvre, Jean-Claude and Leroyer, Chantal and Mathé, Vivien and Merle, Valérie and Mirabaud, Sigrid and Reiche, Ina},
  date = {2021-12-31},
  journaltitle = {ArcheoSciences. Revue d'archéométrie},
  number = {45},
  pages = {81--88},
  doi = {10.4000/archeosciences.10759}
}

@article{chartronInflationDonneesRenegociations2022,
  title = {Inflation des données, renégociations des cadres, opportunités pour la recherche en SHS~?},
  author = {Chartron, Ghislaine},
  date = {2022},
  journaltitle = {Questions de communication},
  shortjournal = {Questions de communication},
  volume = {41},
  number = {1},
  pages = {391--406},
  publisher = {{Éditions de l'Université de Lorraine}},
  location = {{Nancy}},
  doi = {10.4000/questionsdecommunication.28334}
}

@article{coccoPotentialitesDifficultesProjet2018,
  title = {Potentialités et Difficultés d'un Projet En Humanités Numériques ({{DH}}) : Confrontation Aux Outils et Réorientations de Recherche},
  shorttitle = {Potentialités et Difficultés d'un Projet En Humanités Numériques ({{DH}})},
  author = {Cocco, Christelle and Dessart, Grégory and Serbaeva, Olga and Brandt, Pierre-Yves and Vinck, Dominique and Darbellay, Frédéric},
  date = {2018},
  journaltitle = {Digital Humanities Quarterly},
  volume = {12},
  number = {1},
  url = {http://www.digitalhumanities.org/dhq/vol/12/1/000359/000359.html},
  publisher = {{Alliance of Digital Humanities}}
}

@mvbook{courtotCycleVieTypologies2021,
  title = {Cycle de vie et typologies des projets},
  editora = {Courtot, Hervé},
  editoratype = {collaborator},
  date = {2021},
  series = {Les essentiels du management de projet},
  number = {5},
  publisher = {{Afnor éditions}},
  location = {{La Plaine-Saint-Denis}}
}

@mvbook{deuffMethodeAgileCentree2013,
  title = {Méthode agile centrée utilisateurs},
  author = {Deuff, Dominique and Cosquer, Mathilde},
  date = {2013},
  publisher = {{Hermès science publications-Lavoisier}},
  location = {{Paris}}
}

@book{forbesAcademicLibrariesCollaborative2022,
  title = {Academic Libraries and Collaborative Research Services},
  editor = {Forbes, Carrie},
  date = {2022},
  publisher = {{Rowman \& Littlefield}},
  location = {{Lanham}}
}

@mvbook{morleyExpressionBesoinsDans2017,
  title = {Expression des besoins dans un projet SI :  démarche classique et approche agile},
  shorttitle = {Expression des besoins dans un projet SI},
  author = {Morley, Chantal and Hugues, Jean and Leblanc, Bernard},
  date = {2017},
  series = {InfoPro},
  publisher = {{Dunod}},
  location = {{Malakoff}}
}

@online{pamirProjetMethodologiesPratiques,
  title = {Projet: Méthodologies et pratiques de la recherche en restauration},
  author = {PAMIR},
  url = {https://www.pamir.fr/projets-soutenus/mp2r},
  organization = {{DIM PAMIR}}
}

@mvbook{thiryPratiquesEquipeAgile2022,
  title = {Les pratiques de l'équipe agile :  définissez votre propre méthode},
  shorttitle = {Les pratiques de l'équipe agile},
  author = {Thiry, Thomas},
  date = {2022},
  series = {Informatique},
  edition = {2e éd},
  publisher = {{De Boeck supérieur}},
  location = {{Louvain-la-Neuve (Belgique)}}
}
