@article{bernasconiObjetCommeDocument2016,
  title = {L’objet Comme Document},
  author = {Bernasconi, Gianenrico},
  date = {2016},
  journaltitle = {Artefact},
  volume = {4},
  number = {4},
  pages = {31},
  url = {https://www.academia.edu/29411879/Lobjet_comme_document_culture_mat%C3%A9rielle_et_cultures_techniques}
}

@article{ivanoffMichaelFalserMonica2013,
  title = {Michael Falser, Monica Juneja (dir.), Kulturerbe und Denkmalpflege transkulturell. Grenzgänge zwischen Theorie und Praxis},
  author = {Ivanoff, Hélène},
  date = {2013-12-15},
  journaltitle = {Revue de l'IFHA. Revue de l'Institut français d'histoire en Allemagne},
  publisher = {{Institut français d'histoire en Allemagne}},
  url = {https://journals.openedition.org/ifha/7662}
}

@article{joyeux-prunelCeQueApproche2014,
  title = {Ce que l'approche mondiale fait à l'histoire de l'art},
  author = {Joyeux-Prunel, Béatrice},
  date = {2014},
  journaltitle = {Romantisme},
  shortjournal = {Romantisme},
  pages = {63--78},
  publisher = {{Armand Colin}},
  location = {{Paris}},
  url = {https://www.cairn.info/revue-romantisme-2014-1-page-63.htm}
}

@article{loyerContributionEtudeCirculations2011,
  title = {Contribution à l’étude des circulations culturelles transnationales},
  author = {Loyer, Emmanuelle and Martin, Laurent and Scot, Marie and Osa, F.},
  date = {2011},
  journaltitle = {Histoire\@Politique : revue du Centre d'histoire de Sciences Po},
  number = {15},
  publisher = {{Centre d'histoire de Sciences Po}},
  url = {https://sciencespo.hal.science/hal-03476041}
}

@incollection{meissChapitreFaireHistoire2016,
  title = {Chapitre 1. Faire l’histoire de la culture matérielle},
  booktitle = {La culture matérielle de la France},
  author = {Meiss, Marjorie},
  date = {2016},
  series = {Collection U},
  pages = {7--33},
  publisher = {{Armand Colin}},
  location = {{Paris}},
  url = {https://www.cairn.info/la-culture-materielle-de-la-france--9782200286569-p-7.htm}
}

@article{poulotHistoireCultureMaterielle,
  title = {Histoire de La Culture Matérielle},
  author = {Poulot, Dominique},
  url = {https://www.academia.edu/1649606/Histoire_de_la_culture_mat%C3%A9rielle}
}

@book{saint-raymondFragmentsHistoireGlobale2022,
  title = {Fragments d’une histoire globale de l’art},
  author = {Saint-Raymond, Léa},
  series = {Actes de la recherche à l’ENS},
  publisher = {{Éditions Rue d’Ulm}},
  location = {{Paris}},
  doi = {10.4000/books.editionsulm.9452}
}

@article{saunierCirculationsConnexionsEspaces2004,
  title = {Circulations, connexions et espaces transnationaux},
  author = {Saunier, Pierre-Yves},
  date = {2004},
  journaltitle = {Genèses},
  shortjournal = {Genèses},
  volume = {57},
  number = {4},
  pages = {110--126},
  publisher = {{Belin}},
  location = {{Paris}},
  url = {https://www.cairn.info/revue-geneses-2004-4-page-110.htm}
}

@article{subrahmanyamAuxOriginesHistoire2014,
  title = {Aux origines de l’histoire globale},
  author = {Subrahmanyam, Sanjay},
  journaltitle = {La lettre du Collège de France},
  number = {38},
  pages = {4},
  publisher = {{Collège de France}},
  doi = {10.4000/lettre-cdf.1742}
}

@article{wernerDecentrerHistoireEuropeenne2021,
  title = {Décentrer l’histoire européenne par les marges : visions plurielles d’une modernité fragmentée},
  shorttitle = {Décentrer l’histoire européenne par les marges},
  author = {Werner, Michael},
  date = {2021},
  journaltitle = {Annales. Histoire, Sciences Sociales},
  shortjournal = {Annales. Histoire, Sciences Sociales},
  volume = {76e année},
  number = {4},
  pages = {669--683},
  publisher = {{Éditions de l'EHESS}},
  location = {{Paris}},
  url = {https://www.cairn.info/revue-annales-2021-4-page-669.htm}
}
