@article{andreAnciensPapiersMonde2010,
  title = {L'un des plus anciens papiers du monde exhumé récemment en Mongolie – découverte, analyses physico-chimiques et contexte scientifique},
  author = {André, Guilhem and Desroches, Jean-Paul and Drège, Jean-Pierre and Rouchon, Véronique},
  date = {2010},
  journaltitle = {Arts Asiatiques},
  volume = {65},
  number = {1},
  pages = {27--42},
  url = {https://www.persee.fr/doc/arasi_0004-3958_2010_num_65_1_1699}
}

@mvbook{berrieArtistsPigmentsHandbook2007,
  title = {Artists' Pigments : A Handbook of Their History and Characteristics ,  4},
  shorttitle = {Artists' Pigments},
  editor = {Berrie, Barbara H.},
  date = {2007},
  series = {Artists' Pigments},
  publisher = {{National gallery of art Archetype publications}},
  location = {{Washington London}}
}

@article{bourgeoisPolychromieTerresCuites2020,
  title = {La polychromie des terres cuites grecques~: approche matérielle d’une culture picturale},
  shorttitle = {La polychromie des terres cuites grecques},
  author = {Bourgeois, Brigitte and Jeammet, Violaine},
  date = {2020},
  journaltitle = {Revue archéologique},
  shortjournal = {Revue archéologique},
  volume = {69},
  number = {1},
  pages = {3--28},
  doi = {10.3917/arch.201.0003}
}

@article{charpentierPalaisMeshouarTlemcen2019,
  title = {Palais du Meshouar (Tlemcen, Algérie) : couleurs des zellijs et tracés de décors du XIVe siècle},
  shorttitle = {Palais du Meshouar (Tlemcen, Algérie)},
  author = {Charpentier, Agnès and Terrasse, Michel and Bachir, Redouane and Ben Amara, Ayed},
  date = {2019-12-31},
  journaltitle = {ArcheoSciences. Revue d'archéométrie},
  number = {43},
  pages = {265--274},
  doi = {10.4000/archeosciences.6947}
}

@article{danielPigmentAeriniteDans2008,
  title = {Le pigment d’aérinite dans deux peintures murales romanes du Sud-Ouest de la France},
  author = {Daniel, Floréal and Laborde, Barbara and Mounier, Aurélie and Coulon, Émilie},
  date = {2008-12-31},
  journaltitle = {ArcheoSciences. Revue d'archéométrie},
  number = {32},
  pages = {83--91},
  doi = {10.4000/archeosciences.987}
}

@article{delamareAuxOriginesBleus2009,
  title = {Aux origines des bleus de cobalt : les débuts de la fabrication du saffre et du smalt en Europe occidentale},
  shorttitle = {Aux origines des bleus de cobalt},
  author = {Delamare, François},
  date = {2009},
  journaltitle = {Comptes rendus des séances de l'Académie des Inscriptions et Belles-Lettres},
  volume = {153},
  number = {1},
  pages = {297--315},
  doi = {10.3406/crai.2009.92472}
}

@article{denoelEvangilesMsLat2012,
  title = {Les Évangiles B.n.F., ms. lat. 15520 : un nouveau témoignage de l’art mosan au XIe siècle ?},
  shorttitle = {Les Évangiles B.n.F., ms. lat. 15520},
  author = {Denoël, Charlotte},
  date = {2012},
  journaltitle = {Bulletin Monumental},
  volume = {170},
  number = {1},
  pages = {3--13},
  doi = {10.3406/bulmo.2012.8216}
}

@mvbook{fellerArtistsPigmentsHandbook,
  title = {Artists' Pigments : A Handbook of Their History and Characteristics ,  1},
  shorttitle = {Artists' Pigments},
  editor = {Feller, Robert L.},
  series = {Artists' Pigments},
  publisher = {{National gallery of art}},
  location = {{Washington}}
}

@mvbook{fitzhughArtistsPigmentsHandbook1997,
  title = {Artists' Pigments : A Handbook of Their History and Characteristics ,  3},
  shorttitle = {Artists' Pigments},
  editor = {Fitzhugh, Elisabeth West},
  date = {1997},
  series = {Artists' Pigments},
  publisher = {{National gallery of art}},
  location = {{Washington}}
}

@incollection{garciaCouleursCodexBorbonicus2019,
  title = {Les couleurs du Codex Borbonicus et leur reproduction dans «~Le Bel Atlas en chromotypie~» édité par Ernest-Théodore Hamy},
  booktitle = {Du Muséum à l’Amérique : Logiques d’une réussite intellectuelle},
  author = {Garcia, Élodie Dupey},
  editor = {Contel, José and Priotti, Jean-Philippe and Hamy, Ernest},
  date = {2019},
  series = {Histoire et civilisations},
  pages = {185--200},
  publisher = {{Presses universitaires du Septentrion}},
  location = {{Villeneuve d'Ascq}},
  url = {http://books.openedition.org/septentrion/26378}
}

@inproceedings{guichardBleuPrusseHistoires2020,
  title = {Bleu de {{Prusse}}: Les Histoires d'une Couleur à {{Paris}} Au {{XVIIIe}} Siècle},
  shorttitle = {Bleu de {{Prusse}}},
  booktitle = {Dans l'atelier},
  author = {Guichard, Charlotte and Williams, Hannah and Le Hô, Anne-Solenn},
  date = {2020-02},
  location = {{Paris, France}},
  url = {https://hal.science/hal-02467511}
}

@article{guineauIdentificationBleuLapislazuli1986,
  title = {Identification de bleu de lapis-lazuli dans six manuscrits à peintures du XIIe siècle provenant de l'abbaye de Corbie},
  author = {Guineau, Bernard and Coupry, Claude and Gousset, Marie-Thérèse and Forgerit, J.-P. and Vezin, Jean},
  date = {1986},
  journaltitle = {Scriptorium},
  publisher = {{Scriptorium}},
  doi = {10.3406/scrip.1986.1443}
}

@book{institutderechercheetdhistoiredestextesPigmentsColorantsAntiquite2002,
  title = {Pigments et colorants de l’Antiquité et du Moyen Âge : Teinture, peinture, enluminure, études historiques et physico-chimiques},
  author = {Institut de recherche et d'histoire des textes and {Centre de recherche sur les} and {Équipe Étude des pigments, histoire et archéologie}},
  date = {2002},
  series = {Colloques Internationaux du CNRS},
  publisher = {{CNRS Éditions}},
  location = {{Paris}},
  url = {<http://books.openedition.org/editionscnrs/8116>}
}

@online{julouxEtudePigmentsDans2015,
  type = {Billet},
  title = {Etude des pigments dans les manuscrits médiévaux},
  author = {Juloux, Vanessa Bigot},
  date = {2015-04-20},
  url = {https://ephenum.hypotheses.org/189},
  organization = {{EphéNum}}
}

@inproceedings{lecouteuxMontSaintMichelManuscripts2021,
  title = {Mont {{Saint-Michel}} Manuscripts: {{Focus}} on the Scriptorium Practices in the 11th Century},
  shorttitle = {Mont {{Saint-Michel}} Manuscripts},
  author = {Lecouteux, Stéphane and Robinet, Laurianne},
  date = {2021-04-20},
  url = {https://hal.science/hal-02346249},
  eventtitle = {18th {{Seminar}} on the {{Care}} and {{Conservation}} of {{Manuscripts}}}
}

@book{magalonikerpelColoresNuevoMundo2014,
  title = {Los colores del nuevo mundo :  artistas, materiales y la creación del Códice florentino},
  shorttitle = {Los colores del nuevo mundo},
  author = {Magaloni Kerpel, Diana},
  date = {2014},
  publisher = {{Universidad Nacional Autónoma de México}}
}

@mvbook{maniaciAncientMedievalBook1993,
  title = {Ancient and medieval book materials and techniques},
  shorttitle = {Ancient and medieval book materials and techniques},
  editor = {Maniaci, Marilena and Munafò, Paola},
  date = {1993},
  series = {Studi e testi},
  number = {358},
  publisher = {{Biblioteca apostolica vaticana}},
  location = {{Città del Vaticano}}
}

@online{michelinDeepPurpleCouleursOrseille,
  type = {Présentation projet recherche DIM PAMIR},
  title = {Deep-Purple, Les couleurs de l’orseille : de l’influence du mode de préparation à la dégradation},
  author = {Michelin, Anne and Héron, Sylvie and Denoël, Charlotte and Boustié, Joël and Nowik, Witold},
  series = {AAP 2023-4},
  location = {{Paris, France}},
  url = {https://www.pamir.fr/projets-soutenus/deep-purple}
}

@thesis{mulardProductionReceptionManuscrits2017,
  type = {phdthesis},
  title = {Production et réception des manuscrits enluminés japonais des XVIIe et XVIIIe siècles : le cas du « Récit de Bunshô » (Bunshô sôshi)},
  shorttitle = {Production et réception des manuscrits enluminés japonais des XVIIe et XVIIIe siècles},
  author = {Mulard, Delphine},
  date = {2017},
  institution = {{Université Sorbonne Paris Cité}},
  location = {{Paris, France}},
  url = {https://theses.hal.science/tel-01649198}
}

@mvbook{panayotovaArtScienceIlluminated2020,
  title = {The Art \& Science of Illuminated Manuscripts :  A Handbook},
  shorttitle = {The Art \& Science of Illuminated Manuscripts},
  editor = {Panayotova, Stella},
  date = {2020},
  publisher = {{H. Miller}},
  location = {{London}}
}

@article{patriciaLaquesBresilDans2003,
  title = {Les Laques de Brésil Dans {{I}}'enluminure Médiévale},
  author = {Patricia, Roger and Villela-Petit, Inès and Vandroy, Solène},
  date = {2003-01-01},
  journaltitle = {Studies in Conservation},
  shortjournal = {Studies in Conservation},
  volume = {48},
  pages = {155--170},
  doi = {10.1179/sic.2003.48.3.155}
}

@article{patriciaMateriauxCouleurDans2004,
  title = {Les Matériaux de La Couleur Dans Les Manuscrits Arabes de l'{{Occident}} Musulman. {{Recherches}} Sur La Collection de La {{Bibliothèque}} Générale et Archives de {{Rabat}} et de La {{Bibliothèque}} Nationale de {{France}} (Note d'information)},
  author = {Patricia, Roger and Malika, Serghini and Déroche, François},
  date = {2004-01-01},
  journaltitle = {Comptes Rendus Des Seances De L Academie Des Inscriptions \& Belles-lettres},
  shortjournal = {Comptes Rendus Des Seances De L Academie Des Inscriptions \& Belles-lettres},
  volume = {148},
  pages = {799--830},
  doi = {10.3406/crai.2004.22749}
}

@article{patriciaPigmentsTechniquePicturale2013,
  title = {Les Pigments et La Technique Picturale Des {{Évangiles}} de {{Saint-Riquier}}},
  author = {Patricia, Roger},
  date = {2013-01-01},
  journaltitle = {Art de l'enluminure},
  shortjournal = {Art de l'enluminure},
  volume = {46},
  pages = {34--39}
}

@article{roger-puyoMateriauxEcritDecors2015,
  title = {Les Matériaux de l’ Écrit et Des Décors Dans Des Manuscrits Islamiques Provenant Du {{Maghreb}}},
  author = {Roger-Puyo, Patricia and Boucetta, Sophie},
  date = {2015-01-01},
  journaltitle = {Journal of Islamic Manuscripts},
  volume = {6},
  number = {2-3},
  pages = {311--334},
  publisher = {{Brill}},
  doi = {10.1163/1878464X-00602010}
}
}

@mvbook{royArtistsPigmentsHandbook1993,
  title = {Artists' Pigments :  A Handbook of Their History and Characteristics ,  2},
  shorttitle = {Artists' Pigments},
  editor = {Roy, Ashok},
  date = {1993},
  series = {Artists' Pigments},
  publisher = {{National gallery of art}},
  location = {{Washington}}
}

@thesis{servaisIndesEuropeProduction2019,
  type = {thesis},
  title = {Des Indes à l’Europe : production, commerce et approvisionnement de l’Occident en bois de brésil, XIIe-XVIe siècle},
  shorttitle = {From the Indies to Europe},
  author = {Servais, Anne},
  date = {2019},
  institution = {{Paris I Panthéon Sorbonne}}
}

@inproceedings{texturesofsacredscriptureShadesPurplePurple2021,
  title = {Shades of {{Purple}} – {{Purple Ornament}} in {{Medieval Manuscripts}}},
  shorttitle = {Workshop},
  author = {Textures of Sacred Scripture and Rainer, Thomas},
  year = {2021},
  location = {{Université de Zurich}},
  url = {https://textures-of-scripture.ch/2021/03/18/workshops/},
  eventtitle = {Shades of {{Purple}} – {{Purple Ornament}} in {{Medieval Manuscripts}}}
}

@article{vezinEtudeMateriauxCouleur2007,
  title = {Étude Des Matériaux de La Couleur Dans Les Manuscrits Médiévaux : Emploi Inédit de Bleu Égyptien Dans Trois Manuscrits Des {{VIIIe}} et {{Xe}} Siècles},
  author = {Vezin, Jean and Roger Puyo, Patricia},
  date = {2007},
  journaltitle = {Comptes rendus des séances de l'Académie des Inscriptions et Belles-Lettres},
  volume = {151ᵉ année},
  pages = {pp. 67-87},
  url = {https://isidore.science/document/10670/1.xte1r1}
}

@incollection{wrightCirculationPigmentsTerritoire2010,
  title = {Circulation Des Pigments Sur Le Territoire {{Mochica}} : {{Côte}} Nord Du {{Pérou}} ({{Ier}}–{{IXe}} Siècles Apr. {{J}}.-{{C}}.), l’apport de l’analyse Physico-Chimique à La Compréhension de l’organisation Sociale},
  booktitle = {Territoires et Économies},
  author = {Wright, Véronique},
  date = {2010},
  publisher = {{Éditions de la Sorbonne}},
  location = {{Paris}},
  url = {<http://books.openedition.org/psorbonne/5912}
}
