@online{dcmiusageboardDublinCoreDCMI2020,
  title = {Dublin {{Core}} : {{DCMI Metadata Terms}}},
  author = {DCMI Usage Board},
  date = {2020-01-20},
  url = {https://www.dublincore.org/specifications/dublin-core/dcmi-terms/}
}

@online{dublincorecollectiondescriptiontaskgroupDublinCoreCollection2013,
  title = {Dublin {{Core}} : {{Collection Description Terms}}},
  author = {Dublin Core Collection Description Task Group},
  date = {2013-06-26},
  url = {https://www.dublincore.org/specifications/dublin-core/collection-description/collection-terms/}
}

@online{dublincoreteamDublinCoreMetadata2020,
  title = {Dublin {{Core Metadata}} Expressed in {{RDF Schema Language}}},
  author = {Dublin Core Team},
  date = {2020-01-20},
  url = {https://www.dublincore.org/schemas/rdfs/}
}

@online{dublincoreteamDublinCoreSpecifications1997,
  title = {Dublin {{Core}} : {{Specifications History}}},
  author = {Dublin Core Team},
  date = {1997-09-30},
  url = {https://www.dublincore.org/specifications/dublin-core/}
}

@online{internationalcommitteefordocumentationClassesPropertiesDeclarations2022,
  title = {Classes \& {{Properties Declarations}} of {{CIDOC-CRM}} Version: 7.1.2},
  author = {International Committee for Documentation},
  date = {2022},
  url = {https://www.cidoc-crm.org/html/cidoc_crm_v7.1.2.html}
}

@online{schema.orgprojectSchemaOrgClasses,
  title = {Schema.Org - {{Classes}} \& {{Properties}}},
  author = {Schema.org Project},
  url = {https://schema.org/docs/full.html}
}
