@mvbook{allemangSemanticWebWorking2020,
  title = {Semantic Web for the Working Ontologist :  Effective Modeling for Linked Data, {{RDFS}}, and {{OWL}}},
  shorttitle = {Semantic Web for the Working Ontologist},
  author = {Allemang, Dean and Hendler, James A. and Gandon, Fabien L.},
  date = {2020},
  series = {{{ACM}} Books},
  publisher = {{Association for computing machinery}},
  location = {{New York}}
}

@book{carayolTournantNumeriqueSciences2019,
  title = {Le tournant numérique des sciences humaines et sociales},
  editor = {Carayol, Valérie and Morandi, Franck},
  date = {2019-11-14},
  series = {Médias et TIC},
  publisher = {{Maison des Sciences de l’Homme d’Aquitaine}},
  doi = {10.4000/books.msha.1305}
}

@book{cureRDFDatabaseSystems2015,
  title = {{{RDF}} Database Systems :  Triples Storage and {{SPARQL}} Query Processing},
  shorttitle = {{{RDF}} Database Systems},
  editor = {Curé, Olivier and Blin, Guillaume},
  date = {2015},
  publisher = {{Morgan Kaufmann}},
  location = {{Amsterdam Boston}}
}

@book{dasIntroductionDigitalResource2015,
  title = {An Introduction to Digital Resource Description},
  author = {Das, Subarna K.},
  date = {2015},
  publisher = {{Ess Ess Publications}}
}

@mvbook{delestreWebDocumentsAu2017,
  title = {Du web des documents au web sémantique},
  author = {Delestre, Nicolas and Malandain, Nicolas},
  date = {2017},
  series = {En pratique},
  publisher = {{Éditions Klog}}
}

@inproceedings{denoelConservationMediationScientifique2021,
  title = {« De la conservation à la médiation scientifique : exploitation des données d’analyses sur les matériaux de la couleur dans les enluminures »},
  author = {Denoël, Charlotte},
  date = {2021},
  location = {{UMR Orient-Méditerranée}},
  url = {https://valeurt.hypotheses.org/11177},
  eventtitle = {TechnicoTop. Techniques émergentes appliquées au monde de la recherche en histoire et archéologie, séminaire organisé par A. Charpentier, F. Dugast, J. Masquelier-Loorius, E. Neri.}
}

@mvbook{gandonWebSemantiqueComment2012,
  title = {Le Web sémantique :  comment lier les données et les schémas sur le Web ?},
  shorttitle = {Le Web sémantique},
  author = {Gandon, Fabien L. and Faron-Zucker, Catherine and Corby, Olivier},
  date = {2012},
  series = {InfoPro},
  publisher = {{Dunod}},
  location = {{Paris}}
}

@book{haemmerleGraphBasedRepresentationReasoning2016,
  title = {Graph-{{Based Representation}} and {{Reasoning}} :  22nd {{International Conference}} on {{Conceptual Structures}}, {{ICCS}} 2016, {{Annecy}}, {{France}},       {{July}} 5-7, 2016, {{Proceedings}}},
  shorttitle = {Graph-{{Based Representation}} and {{Reasoning}}},
  editora = {Haemmerlé, Ollivier and Stapleton, Gem and Faron Zucker, Catherine},
  editoratype = {collaborator},
  date = {2016},
  series = {Lecture {{Notes}} in {{Computer Science}}}
}

@book{jakusConceptsOntologiesKnowledge2013,
  title = {Concepts, Ontologies, and Knowledge Representation},
  author = {Jakus, Grega and Milutinović, Veljko and Omerović, Sanida and Tomažič, Sašo},
  date = {2013},
  series = {{{SpringerBriefs}} in Computer Science},
  publisher = {{Springer}},
  location = {{New York}}
}

@mvbook{mesguichBibliothequesFaceAu2023,
  title = {Les bibliothèques face au monde des données},
  author = {Mesguich, Véronique},
  editora = {Bermès, Emmanuelle},
  editoratype = {collaborator},
  date = {2023},
  series = {Papiers},
  publisher = {{Presses de l'Enssib}},
  location = {{Villeurbanne}}
}

@book{millerMetadataDigitalCollections2022,
  title = {Metadata for Digital Collections :  A How-to-Do-It Manual},
  shorttitle = {Metadata for Digital Collections},
  author = {Miller, Steven J.},
  date = {2022},
  publisher = {{ALA Neal-Schuman}},
  location = {{Chicago}}
}

@article{mirabaudBasesPlateformesThesaurus2023,
  title = {"1.2. Bases, plateformes et thesaurus - Sigrid Mirabaud, Chloé Pochon"},
  editor = {Mirabaud, Sigrid and Pochon, Chloé and Checri, Léa and Denoël, Charlotte and Nurra, Federico and Knapowska, Teresa},
  editortype = {director},
  date = {2023-05-25},
  publisher = {{Université Lille III}},
  location = {{Lille, France}},
  url = {https://webtv.univ-lille.fr/video/12418/12-bases-plateformes-et-thesaurus-sigrid-mirabaud-chloe-pochon}
}

@thesis{oberhauserCollectionsDonneesNumeriques2014,
  title = {Collections de données numériques et travail de recherche en sciences humaines. Apports ethnographiques à une réflexion sur la "numérisation" des humanités},
  author = {Oberhauser, P.},
  date = {2014},
  institution = {{Université de Lausanne, Faculté des sciences sociales et politiques}},
  url = {https://serval.unil.ch/notice/serval:BIB_S_000000020832}
}

@book{powellLibrarianGuideGraphs2014,
  title = {Librarian's Guide to Graphs, Data and the Semantic Web},
  author = {Powell, James and Hopkins, Matthew},
  date = {2014},
  publisher = {{Chandos Publishing}},
  location = {{Oxford}}
}

@mvbook{salaunArchitectureInformationMethodes2015,
  title = {Architecture de l'information :  méthodes, outils, enjeux},
  shorttitle = {Architecture de l'information},
  editora = {Salaün, Jean-Michel and Habert, Benoît},
  editoratype = {collaborator},
  date = {2015},
  series = {Information \& stratégie},
  publisher = {{De Boeck ADBS}},
  location = {{Louvain-la-Neuve] [Paris}}
}

@mvbook{stuartPracticalOntologiesInformation2016,
  title = {Practical Ontologies for Information Professionals},
  author = {Stuart, David Patrick},
  date = {2016},
  publisher = {{Facet Publishing}},
  location = {{London}}
}

@article{tchienehomProjetModRefMigration,
  title = {Projet ModRef : migration de données vers des triplestores CIDOC-CRM et factorisation},
  author = {Tchienehom, Pascaline Laure},
  journaltitle = {Document numérique},
  volume = {21},
  number = {2018/1},
  pages = {37--61},
  url = {https://www.cairn.info/revue-document-numerique-2018-1-page-37.htm}
}

@mvbook{yuIntroductionSemanticWeb2019,
  title = {Introduction to the Semantic Web and Semantic Web Services},
  author = {family=Yu, given=Li, prefix=yang, useprefix=false},
  date = {2019},
  publisher = {{CRC press}},
  location = {{Boca Raton (Fla.)}}
}
